
@article{lanzinger_property_nodate,
	title = {Property Types in Java: Combining Type Systems and Deductive Verification},
	pages = {136},
	author = {Lanzinger, Florian},
	langid = {english},
	file = {Lanzinger},
}